@misc{Howard,
author = {Howard, Bob},
title = {{Whistleblower reveals how fraud of Booking.com worked}},
url = {http://www.bbc.com/news/business-30555620}
}
