@misc{Jocor_an_page,
note = {\url{https://files.secureserver.net/0fzoieonFsQcsM}},
title = {{Anonymous code and data repository for the paper}}
}
@misc{Complaints,
note = {\url{http://www.consumeraffairs.com/travel/hotelsdotcom.html?page=2}},
title = {{Consumer Complaints \& Reviews}}
}
@misc{MW,
note = {\url{http://www.merriam-webster.com/}},
title = {{Merriam-Webster}}
}
@misc{PersonalCom1,
note = {Personal Communication: Dr. John Michael Criley, \uppercase{MD, FACC, MACP} Professor Emeritus at the David Geffen School of Medicine at UCLA and Dr. Eamonn Keogh of University of California, Riverside. Oct 7 2013.},
title = {{No Title}}
}
@misc{Banking,
note = {\url{http://www.charlotteobserver.com/2014/01/20/4624671/wells-fargo-testing-voice-recognition.html\#.U8YJtfldV-7}},
title = {{Wells Fargo tests voice-recognition mobile technology}}
}
@misc{paperPage,
note = {\url{www.cs.unm.edu/\~aminnich}},
title = {{Supporting webpage containing data, slides and code}}
}
@misc{Gnip,
note = {\url{http://radar.oreilly.com/2011/07/gnip-twitter-firehose-realtime-data.html}},
title = {{How Gnip handles the Twitter fire hose}}
}
@misc{PersonalCom1,
note = {Personal Communication: Dr. John Michael Criley, \uppercase{MD, FACC, MACP} Professor Emeritus at the David Geffen School of Medicine at UCLA and Dr. Eamonn Keogh of University of California, Riverside. Oct 7 2013.},
title = {{No Title}}
}
@misc{page,
title = {{Supporting webpage containing code, data, excel sheet and slides}},
note = {\url{http://www.cs.unm.edu/~mueen}}
}
@misc{NMSC,
note = {\url{http://www.challenge.nm.org}},
title = {{New Mexico Supercomputing Challenge}}
}
@misc{PyMVPA,
note = {\url{http://www.pymvpa.org/PyMVPA-Manual.pdf}},
title = {{PyMVPA Manual Release 2.2.0.}}
}
@misc{MOEN,
note = {\url{http://www.cs.unm.edu/\~mueen/Projects/MOEN/index.html}},
title = {{Webpage to download the code, dataset, slides, excel sheet and the paper itself.}}
}
@misc{LooseNative,
note = {\url{http://www.bbc.com/news/blogs-magazine-monitor-27690891}},
title = {{How do people lose their native language?}}
}
@misc{GMUPage,
note = {\url{http://www.accent.gmu.edu}},
title = {{GMU Speech Accent Archive}}
}
@misc{EPGFig,
note = {\url{http://jvi.asm.org/content/87/9/4929/F1.expansion.html}},
title = {{Multiple Forms of Vector Manipulation by a Plant-Infecting Virus: Bemisia tabaci and Tomato Yellow Leaf Curl Virus}}
}
@misc{HOTData,
note = {\url{http://hahana.soest.hawaii.edu/hot/}},
title = {{HOT : the Hawaii Ocean Time-Series}}
}
@misc{MVPA,
note = {\url{https://code.google.com/p/princeton-mvpa-toolbox/}},
title = {{Princeton Multi-Voxel Pattern Analysis (MVPA) Toolbox}}
}
@misc{LangBarrier,
note = {\url{http://wcfcourier.com/news/local/language-barrier-complicating-emergency-response-scenarios/article\_4fb5c3ca-94a5-5e3e-a6fc-980be7be4d3c.html}},
title = {{Language barrier complicating emergency response scenarios}}
}
@misc{bbc,
note = {\url{http://news.bbc.co.uk/sport2/hi/cricket/rules\_and\_equipment}},
title = {{BBC SPORT | Cricket | Laws \& Equipment}}
}
@misc{AlanFilosofei,
note = {\url{https://youtu.be/1YFhbBsZ8zs}},
title = {{A Video of Highly Correlated Activities in Twitter}}
}
@misc{supportPage,
note = {\url{https://files.secureserver.net/0falAVSnGqvMpJ}},
title = {{Anonymous repository for supporting materials.}}
}
@misc{WelshASR,
note = {\url{ http://www.bbc.com/news/uk-wales-north-west-wales-25557237}},
title = {{Grant boost for Welsh speech recognition system}}
}
@misc{Minerva,
note = {\url{http://www.cbs.mpg.de/groups/misc/brainmodes}},
title = {{Minerva Research Group``Brain Modes''}}
}
@misc{PhoneInventory,
note = {\url{http://accent.gmu.edu/browse\_native.php}},
title = {{Native Phonetic Inventory}}
}
@misc{SoundData,
note = {\url{http://cis.legacy.ics.tkk.fi/jhimberg/contextdata/scenarios.html}},
title = {{Webpage to download the benchmark dataset for context recognition.}}
}
@misc{KC,
note = {\url{http://en.wikipedia.org/wiki/Kolmogorov\_complexity}},
title = {{Kolmogorov Complexity}}
}
@misc{HHH,
note = {\url{http://www.bbc.co.uk/news/magazine-11642588}},
title = {{'Haitch' or 'aitch'? How do you pronounce 'H'?}}
}
@misc{Quandl,
note = {\url{www.quandl.com}},
keywords = {Quandl Wikiposit Intelligent Search Historical Tim},
title = {{Quandl - Find, Use and Share Numerical Data}},
url = {http://www.quandl.com/}
}
@misc{GMUPage,
note = {\url{http://www.accent.gmu.edu}},
title = {{GMU Speech Accent Archive}}
}
@misc{Jocorpage,
note = {\url{http://cs.unm.edu/\~mueen/Projects/JOCOR}},
pages = {2--6},
title = {{Supporting information for the paper:}}
}
@misc{PersonalCom1,
note = {Personal Communication: Dr. John Michael Criley, \uppercase{MD, FACC, MACP} Professor Emeritus at the David Geffen School of Medicine at UCLA and Dr. Eamonn Keogh of University of California, Riverside. Oct 7 2013.},
title = {{No Title}}
}
@misc{TrustYou,
note = {\url{http://www.trustyou.com/}},
title = {{TrustScore: The Measurement of Online Reputation Management - TrustYou}}
}
@misc{MyrtleBeach,
note = {\url{http://www.myrtlebeachareachamber.com/research/docs/20statabstract.pdf}},
title = {{Myrtle Beach Area Chamber of Commerce, page 10}}
}
@misc{GMU,
note = {\url{http://accent.gmu.edu}},
title = {{Weinberger, Steven. (2014). Speech Accent Archive. George Mason University.}}
}
@misc{CMUSphinx,
note = {\url{http://cmusphinx.sourceforge.net/}},
title = {{CMU Sphinx}}
}
@misc{page,
note = {\url{http://www.cs.unm.edu/\~mueen/publication.html}},
title = {{Supporting webpages containing code, data, excel sheet and slides}}
}
@misc{DailyMail,
note = {\url{http://www.dailymail.co.uk/news/article-562830/Regional-accents-problem-centres-voice-recognition-technology-fails-understand-them.html}},
title = {{Regional accents a problem for call centres as voice recognition technology fails to understand them}}
}
@misc{CMUPronDict,
note = {\url{http://www.speech.cs.cmu.edu/cgi-bin/cmudict}},
booktitle = {SPHINX Group, Carnegie Melon University},
title = {{The CMU Pronouncing Dictionary}},
url = {http://www.speech.cs.cmu.edu/cgi-bin/cmudict},
year = {2008}
}
@misc{Cash,
note = {\url{http://cashlab.mgh.harvard.edu/}},
title = {{Cortical Physiology laboratory}}
}
@misc{HOT,
note = {\url{http://www.soest.hawaii.edu/HOT\_WOCE/ftp.html}},
title = {{HOT Data Reports}}
}
@misc{mypage,
note = {\url{http://www.cs.unm.edu/\~mueen}},
title = {{Abdullah Mueen's Webpage}}
}
@misc{cs4all,
note = {\url{http://www.cs4all.org}},
title = {{New Mexico Computer Science for All}}
}
@misc{UNMDiv,
note = {\url{http://diverse.unm.edu/wp-content/uploads/2010/11/UNM-Diversity-Report-Card.pdf}},
title = {{UNM Diversity Report Card}}
}
@misc{CurrencyWIKI,
note = {\url{en.wikipedia.org/wiki/Singapore\_dollar} , \url{en.wikipedia.org/wiki/Indian\_rupee}},
title = {{Wikipedia articles and references in there for \uppercase{SGD} and \uppercase{INR}}}
}
@misc{StatVoice,
note = {\url{http://www.nidcd.nih.gov/health/statistics/pages/vsl.aspx}},
title = {{NIH Website: Statistics on Voice, Speech, and Language}}
}
@misc{HVDAstronomy,
note = {\url{http://dasch.rc.fas.harvard.edu/project.php}},
title = {{Digital Access to a Sky Century \@ Harvard}}
}
@misc{ActiveStat,
title = {{Active users in social media sites}},
note = {\url{http://www.thesocialmediahat.com/active-users}}
}

@misc{FTC,
title = {FTC Approves Final Order Settling Charges that Firm Used Misleading Online Reviews},
note ={\url{http://www.ftc.gov/news-events/press-releases/2011/06/ftc-approves-final-order-settling-charges-firm-used-misleading
}}
}

@misc{Lawyers,
title = {Are Consumer Reviews Trustworthy and Reliable?},
note ={\url{
http://consumer-law.lawyers.com/consumer-fraud/are-consumer-reviews-trustworthy-and-reliable.html}}
}

@misc{ScientificAmerican,
title = {Manipulation of the Crowd: How Trustworthy Are Online Ratings?},
note ={\url{http://www.scientificamerican.com/article/manipulation-of-the-crowd/}}
}

@misc{Twitter,
author = {Twitter},
booktitle = {English},
pages = {1--3},
title = {{The Twitter Rules}},
note = {\url{https://support.twitter.com/articles/18311-the-twitter-rules}}
}
@misc{TrackPage,
author = {Twitter},
booktitle = {English},
pages = {1--3},
title = {{Streaming API request parameters}},
note = {\url{https://dev.twitter.com/streaming/overview/request-parameters#track}}
}

@misc{BotFools,
title = {{HOW TWITTER BOTS FOOL YOU INTO THINKING THEY ARE REAL PEOPLE}},
note={\url{http://www.fastcompany.com/3031500/how-twitter-bots-fool-you-into-thinking-they-are-real-people}}
}

@misc{buyFollower,	
title={Buy Twitter Followers - 1000 for \$5 - 20000 for \$10},
note={\url{http://buy1000followers.co/}}
}

@misc{buyAccount1,
title={Buy twitter accounts - Twitter accounts for sale},
note={\url{http://buytwitaccounts.com/}}
}

@misc{buyAccount2,
title={Buy Verified Twitter Accounts With Paypal at Buyaccs.com},
note={\url{https://buyaccs.com/en/buy-bulk-twitter-accounts.php}}
}

@misc{aktroll,
title={Targeted journalists react as AK Party trolls hint at new operation},
note={\url{http://www.todayszaman.com/anasayfa_targeted-journalists-react-as-ak-party-trolls-hint-at-new-operation_354568.html}}
}


 
@misc{Complaints,
title = {Consumer Complaints \& Reviews},
note = {\url{http://www.consumeraffairs.com/travel/hotelsdotcom.html?page=2}}
}

@misc{MyrtleBeach,
title = {Myrtle Beach Area Chamber of Commerce, page 10},
note = {\url{http://www.myrtlebeachareachamber.com/research/docs/20statabstract.pdf}}
}




@misc{ranker,
title = {Learning to rank},
note = {\url{http://en.wikipedia.org/wiki/Learning_to_rank}}
}


@misc{hospitality,
title = {The Travel, Tourism and Hospitality Industry in the United States},
note = {\url{http://selectusa.commerce.gov/industry-snapshots/travel-tourism-and-hospitality-industry-united-states}}
}

@misc{reviewStat,
title = {88\% Of Consumers Trust Online Reviews As Much As Personal Recommendations},
note = {\url{http://searchengineland.com/88-consumers-trust-online-reviews-much-personal-recommendations-195803}}
}

@misc{TripAFine,
title = {\$611,000 fine as TripAdvisor gets bad review in Italy},
note = {\url{http://www.cnn.com/2014/12/23/travel/tripadvisor-fine/index.html?hpt=hp_t4}}
}

@misc{Malware,
title={Microsoft Malware Classification Challenge (BIG 2015)},
note={\url{https://www.kaggle.com/c/malware-classification}}
}

@misc{Zuckerberg,
title={Facebook Opens Up Internet.org Platform - Mark Zuckerberg},
note = {\url{https://www.youtube.com/watch?v=4GROSXTY3rw}}
}

@misc{TruthyBot,
title = {Bot or Not? A Truthy Project},
note = {\url{http://truthy.indiana.edu/botornot/}}
}



@misc{Archive,
title = {Internet Archive},
note = {\url{https://archive.org/index.php}}
}

@misc{Tutorials,
title = {Dr. Mueen's Tutorials},
note = {\url{http://www.cs.unm.edu/~mueen/Tutorials}}
}

@misc{TopicModel,
title = {Stanford Topic Modeling Toolbox},
note = {\url{http://nlp.stanford.edu/software/tmt/tmt-0.4/}},
}

@misc{UCRArchive,
  title={The UCR Time Series Classification Archive},
  author={ Chen, Yanping and   Keogh, Eamonn and  Hu, Bing and  Begum, Nurjahan and  Bagnall, Anthony and  Mueen, Abdullah and  Batista, Gustavo},
  year={2015},
  month={July},
  note = {\url{www.cs.ucr.edu/~eamonn/time_series_data/}}
}

@misc{Howard,
author = {Howard, Bob},
title = {Whistleblower reveals how fraud of Booking.com worked},
note = {\url{http://www.bbc.com/news/business-30555620}}
}

